<record><leader>00000cas a2200000 a 4500</leader><controlfield tag="001">11065824</controlfield><controlfield tag="008">840817d18691890inuwr ne      0    0eng c</controlfield><datafield ind1=" " ind2=" " tag="010"><subfield code="a">sn 84027387 </subfield></datafield><datafield ind1=" " ind2=" " tag="040"><subfield code="a">NPU</subfield><subfield code="b">eng</subfield><subfield code="c">NPU</subfield><subfield code="d">NPX</subfield><subfield code="d">NPI</subfield><subfield code="d">IUL</subfield><subfield code="d">OCLCQ</subfield><subfield code="d">OCLCF</subfield><subfield code="d">OCLCO</subfield><subfield code="d">IUL</subfield><subfield code="d">OCL</subfield></datafield><datafield ind1=" " ind2=" " tag="042"><subfield code="a">pcc</subfield></datafield><datafield ind1=" " ind2=" " tag="043"><subfield code="a">n-us-in</subfield></datafield><datafield ind1="0" ind2=" " tag="130"><subfield code="a">Greencastle banner (Greencastle, Ind. : 1869)</subfield></datafield><datafield ind1="1" ind2="4" tag="245"><subfield code="a">The Greencastle banner.</subfield></datafield><datafield ind1=" " ind2=" " tag="260"><subfield code="a">Greencastle, Ind. :</subfield><subfield code="b">George J. Langsdale,</subfield><subfield code="c">1869-1890.</subfield></datafield><datafield ind1=" " ind2=" " tag="300"><subfield code="a">21 volumes</subfield></datafield><datafield ind1=" " ind2=" " tag="310"><subfield code="a">Weekly</subfield></datafield><datafield ind1="0" ind2=" " tag="362"><subfield code="a">Vol. 17, no. 44 (Nov. 4, 1869)-v. 38, no. 37 (Sept. 11, 1890).</subfield></datafield><datafield ind1=" " ind2=" " tag="500"><subfield code="a">Title from masthead.</subfield></datafield><datafield ind1=" " ind2=" " tag="580"><subfield code="a">Merged with: Greencastle times; to form: Greencastle banner and times.</subfield></datafield><datafield ind1=" " ind2=" " tag="580"><subfield code="a">Daily ed.: Greencastle daily sun.</subfield></datafield><datafield ind1=" " ind2="0" tag="651"><subfield code="a">Greencastle (Ind.)</subfield><subfield code="v">Newspapers.</subfield></datafield><datafield ind1=" " ind2="0" tag="651"><subfield code="a">Putnam County (Ind.)</subfield><subfield code="v">Newspapers.</subfield></datafield><datafield ind1=" " ind2="7" tag="651"><subfield code="a">Indiana</subfield><subfield code="z">Putnam County.</subfield><subfield code="2">fast</subfield><subfield code="0">(OCoLC)fst01218230</subfield></datafield><datafield ind1=" " ind2="7" tag="651"><subfield code="a">Indiana</subfield><subfield code="z">Greencastle.</subfield><subfield code="2">fast</subfield><subfield code="0">(OCoLC)fst01206132</subfield></datafield><datafield ind1=" " ind2="7" tag="655"><subfield code="a">Newspapers.</subfield><subfield code="2">fast</subfield><subfield code="0">(OCoLC)fst01423814</subfield></datafield><datafield ind1=" " ind2=" " tag="752"><subfield code="a">United States</subfield><subfield code="b">Indiana</subfield><subfield code="c">Putnam</subfield><subfield code="d">Greencastle.</subfield></datafield><datafield ind1="1" ind2=" " tag="775"><subfield code="t">Greencastle daily sun</subfield><subfield code="w">(DLC)sn 86059213</subfield><subfield code="w">(OCoLC)15010543</subfield></datafield><datafield ind1="0" ind2="0" tag="780"><subfield code="t">Putnam Republican banner</subfield><subfield code="w">(DLC)sn 84023937</subfield><subfield code="w">(OCoLC)11082840</subfield></datafield><datafield ind1="0" ind2="5" tag="780"><subfield code="t">Democrat (Greencastle, Ind.)</subfield><subfield code="g">1890</subfield><subfield code="w">(DLC)sn 86059210</subfield><subfield code="w">(OCoLC)15010520</subfield></datafield><datafield ind1="1" ind2="7" tag="785"><subfield code="t">Greencastle times</subfield><subfield code="w">(DLC)sn 86059208</subfield><subfield code="w">(OCoLC)15010532</subfield></datafield><datafield ind1="1" ind2="7" tag="785"><subfield code="t">Greencastle banner and times</subfield><subfield code="w">(DLC)sn 86059209</subfield><subfield code="w">(OCoLC)15012103</subfield></datafield><datafield ind1="4" ind2="1" tag="856"><subfield code="u">https://access.newspaperarchive.com/us/indiana/greencastle/greencastle-banner/</subfield></datafield><datafield ind1="4" ind2="1" tag="856"><subfield code="u">https://access.newspaperarchive.com/us/indiana/greencastle/greencastle-county-banner/</subfield></datafield><datafield ind1="1" ind2=" " tag="029"><subfield code="a">AU@</subfield><subfield code="b">000025789136</subfield></datafield></record>